<?xml version="1.0" encoding="UTF-8"?><collection xmlns="http://www.loc.gov/MARC21/slim"><record><leader>00526nam--2200193-u-4500</leader><controlfield tag="001">000054272</controlfield><controlfield tag="002">20161230</controlfield><controlfield tag="005">20161230201051</controlfield><controlfield tag="008">111102s1000------------r-----000-0-rus-d</controlfield><datafield ind1=" " ind2=" " tag="040"><subfield code="a">IFIN-HH</subfield></datafield><datafield ind1=" " ind2=" " tag="041"><subfield code="a">rus</subfield></datafield><datafield ind1=" " ind2=" " tag="080"><subfield code="a">539.1128.417</subfield></datafield><datafield ind1="1" ind2=" " tag="100"><subfield code="a">Starodubtev, S.V</subfield></datafield><datafield ind1="1" ind2="0" tag="245"><subfield code="a">Prohojdenie zariajennih ceatit cerez vesestvo</subfield><subfield code="c">S.v. starodubtev, a.m. romanov</subfield></datafield><datafield ind1=" " ind2=" " tag="260"><subfield code="a">Taskent</subfield><subfield code="b">Akademia Nauk Ucrainskoi Ssr</subfield><subfield code="c">1962</subfield></datafield><datafield ind1=" " ind2=" " tag="300"><subfield code="a">227P</subfield></datafield><datafield ind1="1" ind2=" " tag="700"><subfield code="a">Romanov, A.M</subfield></datafield><datafield ind1=" " ind2=" " tag="852"><subfield code="a">8653</subfield><subfield code="c">439.12</subfield></datafield><datafield ind1=" " ind2=" " tag="CAT"><subfield code="a">Sys</subfield><subfield code="c">20111102</subfield><subfield code="h">090225</subfield></datafield></record></collection>